{
  "leader": "04313cam a2200541 i 4500",
  "fields": [
    {
      "001": "ocn668195797"
    },
    {
      "003": "OCoLC"
    },
    {
      "005": "20220104143011.0"
    },
    {
      "008": "101116t20112011caua\\\\\\\\\\b\\\\\\\\001\\0\\eng\\\\"
    },
    {
      "010": {
        "ind1": "\\",
        "ind2": "\\",
        "subfields": [
          {
            "a": "  2010048709"
          }
        ]
      }
    },
    {
      "040": {
        "ind1": "\\",
        "ind2": "\\",
        "subfields": [
          {
            "a": "DLC"
          },
          {
            "b": "eng"
          },
          {
            "e": "rda"
          },
          {
            "c": "DLC"
          },
          {
            "d": "YDX"
          },
          {
            "d": "BTCTA"
          },
          {
            "d": "YDXCP"
          },
          {
            "d": "BWX"
          },
          {
            "d": "CDX"
          },
          {
            "d": "YBM"
          },
          {
            "d": "UKMGB"
          },
          {
            "d": "BDX"
          },
          {
            "d": "OCLCQ"
          },
          {
            "d": "OCLCO"
          },
          {
            "d": "OCLCF"
          },
          {
            "d": "OCLCQ"
          },
          {
            "d": "NLGGC"
          },
          {
            "d": "OCLCQ"
          },
          {
            "d": "S3O"
          },
          {
            "d": "OCLCQ"
          },
          {
            "d": "I8M"
          },
          {
            "d": "CNGUL"
          },
          {
            "d": "UKWOH"
          },
          {
            "d": "CNUTO"
          },
          {
            "d": "UV1"
          },
          {
            "d": "LND"
          },
          {
            "d": "ALL"
          },
          {
            "d": "UZ0"
          },
          {
            "d": "IOC"
          },
          {
            "d": "MMV"
          },
          {
            "d": "AL5CW"
          },
          {
            "d": "VGM"
          },
          {
            "d": "SFR"
          },
          {
            "d": "CSA"
          },
          {
            "d": "ESU"
          },
          {
            "d": "UX0"
          },
          {
            "d": "OCLCQ"
          },
          {
            "d": "ERF"
          },
          {
            "d": "OCLCQ"
          },
          {
            "d": "IUL"
          },
          {
            "d": "KAT"
          },
          {
            "d": "BWN"
          },
          {
            "d": "OCLCQ"
          },
          {
            "d": "LUN"
          },
          {
            "d": "OCLCQ"
          }
        ]
      }
    },
    {
      "015": {
        "ind1": "\\",
        "ind2": "\\",
        "subfields": [
          {
            "a": "GBB0C7725"
          },
          {
            "2": "bnb"
          }
        ]
      }
    },
    {
      "016": {
        "ind1": "7",
        "ind2": "\\",
        "subfields": [
          {
            "a": "015678579"
          },
          {
            "2": "Uk"
          }
        ]
      }
    },
    {
      "019": {
        "ind1": "\\",
        "ind2": "\\",
        "subfields": [
          {
            "a": "1109571132"
          },
          {
            "a": "1110298521"
          }
        ]
      }
    },
    {
      "020": {
        "ind1": "\\",
        "ind2": "\\",
        "subfields": [
          {
            "a": "9780470650264"
          },
          {
            "q": "(pbk.)"
          }
        ]
      }
    },
    {
      "020": {
        "ind1": "\\",
        "ind2": "\\",
        "subfields": [
          {
            "a": "0470650265"
          },
          {
            "q": "(pbk.)"
          }
        ]
      }
    },
    {
      "020": {
        "ind1": "\\",
        "ind2": "\\",
        "subfields": [
          {
            "z": "9781118003305"
          },
          {
            "q": "(ebk.)"
          }
        ]
      }
    },
    {
      "020": {
        "ind1": "\\",
        "ind2": "\\",
        "subfields": [
          {
            "z": "9781118003312"
          },
          {
            "q": "(ebk.)"
          }
        ]
      }
    },
    {
      "020": {
        "ind1": "\\",
        "ind2": "\\",
        "subfields": [
          {
            "z": "9781118003329"
          },
          {
            "q": "(ebk.)"
          }
        ]
      }
    },
    {
      "035": {
        "ind1": "\\",
        "ind2": "\\",
        "subfields": [
          {
            "a": "(OCoLC)668195797"
          },
          {
            "z": "(OCoLC)1109571132"
          },
          {
            "z": "(OCoLC)1110298521"
          }
        ]
      }
    },
    {
      "037": {
        "ind1": "\\",
        "ind2": "\\",
        "subfields": [
          {
            "b": "John Wiley & Sons Inc, Order Processing Dept 432 Elizabeth Ave, Somerset, NJ, USA, 08873"
          },
          {
            "n": "SAN 200-2272"
          }
        ]
      }
    },
    {
      "042": {
        "ind1": "\\",
        "ind2": "\\",
        "subfields": [
          {
            "a": "pcc"
          }
        ]
      }
    },
    {
      "050": {
        "ind1": "0",
        "ind2": "0",
        "subfields": [
          {
            "a": "HD58.8"
          },
          {
            "b": ".C32 2011"
          }
        ]
      }
    },
    {
      "082": {
        "ind1": "0",
        "ind2": "4",
        "subfields": [
          {
            "a": "658.406"
          },
          {
            "b": "CAM"
          }
        ]
      }
    },
    {
      "100": {
        "ind1": "1",
        "ind2": "\\",
        "subfields": [
          {
            "a": "Cameron, Kim S."
          }
        ]
      }
    },
    {
      "245": {
        "ind1": "1",
        "ind2": "0",
        "subfields": [
          {
            "a": "Diagnosing and changing organizational culture :"
          },
          {
            "b": "based on the competing values framework /"
          },
          {
            "c": "Kim S. Cameron, Robert E. Quinn."
          }
        ]
      }
    },
    {
      "250": {
        "ind1": "\\",
        "ind2": "\\",
        "subfields": [
          {
            "a": "Third edition."
          }
        ]
      }
    },
    {
      "260": {
        "ind1": "\\",
        "ind2": "\\",
        "subfields": [
          {
            "a": "San Francisco, CA :"
          },
          {
            "b": "Jossey-Bass,"
          },
          {
            "c": "[2011], \u00a92011."
          }
        ]
      }
    },
    {
      "300": {
        "ind1": "\\",
        "ind2": "\\",
        "subfields": [
          {
            "a": "xix, 268 pages :"
          },
          {
            "b": "illustrations ;"
          },
          {
            "c": "23 cm"
          }
        ]
      }
    },
    {
      "336": {
        "ind1": "\\",
        "ind2": "\\",
        "subfields": [
          {
            "a": "text"
          },
          {
            "b": "txt"
          },
          {
            "2": "rdacontent"
          }
        ]
      }
    },
    {
      "337": {
        "ind1": "\\",
        "ind2": "\\",
        "subfields": [
          {
            "a": "unmediated"
          },
          {
            "b": "n"
          },
          {
            "2": "rdamedia"
          }
        ]
      }
    },
    {
      "338": {
        "ind1": "\\",
        "ind2": "\\",
        "subfields": [
          {
            "a": "volume"
          },
          {
            "b": "nc"
          },
          {
            "2": "rdacarrier"
          }
        ]
      }
    },
    {
      "504": {
        "ind1": "\\",
        "ind2": "\\",
        "subfields": [
          {
            "a": "Includes bibliographical references (pages 253-259) and index."
          }
        ]
      }
    },
    {
      "520": {
        "ind1": "\\",
        "ind2": "\\",
        "subfields": [
          {
            "a": "\"The Third Edition of this key resource provides a means of understanding and changing organizational culture in order to make organizations more effective. It provides validated instruments for diagnosing organizational culture and management competency; a theoretical framework (competing values) for understanding organizational culture; and a systematic strategy and methodology for changing organizational culture and personal behavior. New edition includes online versions of the MSAI and OCAI assessments and new discussions of the implications of national cultural profiles\"--"
          },
          {
            "c": "Provided by publisher."
          }
        ]
      }
    },
    {
      "504": {
        "ind1": "\\",
        "ind2": "\\",
        "subfields": [
          {
            "a": "Includes bibliographical references and index."
          }
        ]
      }
    },
    {
      "505": {
        "ind1": "0",
        "ind2": "\\",
        "subfields": [
          {
            "a": "1. An introduction to changing organizational culture -- The need to manage organizational culture -- The need for culture change -- The power of culture change -- The meaning of organizational culture -- Levels of analysis -- Caveats -- 2. The organizational culture assessment instrument -- Instructions for diagnosing organizational culture -- Scoring the OCAI -- 3. The competing values framework -- The value of frameworks -- Development of the competing values framework -- The four major culture types -- Applicability of the competing values model -- Total quality management -- Human resource management roles -- Corporate missions and visions -- Culture change over time -- Culture change in a mature organization -- 4. Constructing an organizational culture profile -- Plotting a profile -- Interpreting the culture profiles -- 5. Using the framework to diagnose and change organizational culture -- Planning for culture change: an example -- Steps for designing an organizational culture change process -- Supplementing the OCAI methodology -- 6. Individual change as a key to culture change -- Critical management skills -- Personal management skills profile -- Personal improvement agendas -- 7. A condensed formula for organizational culture change -- Diagnosis -- Interpretation -- Implementation."
          }
        ]
      }
    },
    {
      "650": {
        "ind1": "\\",
        "ind2": "0",
        "subfields": [
          {
            "a": "Organizational change."
          }
        ]
      }
    },
    {
      "650": {
        "ind1": "\\",
        "ind2": "0",
        "subfields": [
          {
            "a": "Corporate culture."
          }
        ]
      }
    },
    {
      "650": {
        "ind1": "\\",
        "ind2": "7",
        "subfields": [
          {
            "a": "Corporate culture."
          },
          {
            "2": "fast"
          },
          {
            "0": "(OCoLC)fst00879624"
          }
        ]
      }
    },
    {
      "650": {
        "ind1": "\\",
        "ind2": "7",
        "subfields": [
          {
            "a": "Organizational change."
          },
          {
            "2": "fast"
          },
          {
            "0": "(OCoLC)fst01047828"
          }
        ]
      }
    },
    {
      "700": {
        "ind1": "1",
        "ind2": "\\",
        "subfields": [
          {
            "a": "Quinn, Robert E."
          }
        ]
      }
    },
    {
      "856": {
        "ind1": "4",
        "ind2": "1",
        "subfields": [
          {
            "3": "EBSCOhost"
          },
          {
            "u": "http://search.ebscohost.com/login.aspx?direct=true&scope=site&db=nlebk&db=nlabk&AN=357502"
          }
        ]
      }
    },
    {
      "856": {
        "ind1": "4",
        "ind2": "1",
        "subfields": [
          {
            "u": "http://catalogue.londonmet.ac.uk/record=b1680895~S1"
          },
          {
            "z": "E-book"
          }
        ]
      }
    },
    {
      "856": {
        "ind1": "4",
        "ind2": "1",
        "subfields": [
          {
            "u": "http://www.londonmet.eblib.com/patron/FullRecord.aspx?p=706769"
          },
          {
            "z": "E-book - Full text from EBL"
          }
        ]
      }
    },
    {
      "856": {
        "ind1": "4",
        "ind2": "1",
        "subfields": [
          {
            "u": "http://lib.myilibrary.com/browse/open.asp?id=302608&entityid=https://idp.brunel.ac.uk/entity"
          }
        ]
      }
    },
    {
      "994": {
        "ind1": "\\",
        "ind2": "\\",
        "subfields": [
          {
            "a": "Z0"
          },
          {
            "b": "NYRVC"
          }
        ]
      }
    },
    {
      "948": {
        "ind1": "\\",
        "ind2": "\\",
        "subfields": [
          {
            "h": "NO HOLDINGS IN NYRVC - 253 OTHER HOLDINGS"
          }
        ]
      }
    },
    {
      "999": {
        "ind1": "\\",
        "ind2": "\\",
        "subfields": [
          {
            "a": "no barcode"
          }
        ]
      }
    }
  ]
}